@article{Blattner1989EarconsIcons,
  author  = {Mark M. Blattner and Denise A. Sumikawa and Robert M. Greenberg},
  title   = {Earcons and Icons: Their Structure and Common Design Principles},
  journal = {Human–Computer Interaction},
  year    = {1989},
  volume  = {4},
  number  = {1}
}

@article{Gaver1986AuditoryIcons,
  author  = {William W. Gaver},
  title   = {Auditory Icons: Using Sound in Computer Interfaces},
  journal = {Human–Computer Interaction},
  year    = {1986},
  volume  = {2},
  number  = {2}
}

@article{Gaver1989SonicFinder,
  author  = {William W. Gaver},
  title   = {The SonicFinder: An Interface that Uses Auditory Icons},
  journal = {Human–Computer Interaction},
  year    = {1989},
  volume  = {4},
  number  = {1}
}

@inproceedings{Brewster1993EarconsDesign,
  author    = {Stephen A. Brewster and Peter C. Wright and Alistair D. N. Edwards},
  title     = {An Evaluation of Earcons for Use in Auditory Human–Computer Interfaces},
  booktitle = {Proceedings of HCI ’93},
  year      = {1993}
}

@book{Kramer1994AuditoryDisplay,
  editor    = {Gregory Kramer},
  title     = {Auditory Display: Sonification, Audification, and Auditory Interfaces},
  publisher = {Addison–Wesley},
  year      = {1994}
}

@inproceedings{Salamon2014UrbanSound,
  author    = {Justin Salamon and Christopher Jacoby and Juan Pablo Bello},
  title     = {A Dataset and Taxonomy for Urban Sound Research},
  booktitle = {Proceedings of ACM Multimedia (MM)},
  year      = {2014}
}

@inproceedings{Piczak2015ESC50,
  author    = {Karol J. Piczak},
  title     = {ESC: Dataset for Environmental Sound Classification},
  booktitle = {Proceedings of ACM Multimedia (MM)},
  year      = {2015}
}

@inproceedings{Gemmeke2017AudioSet,
  author    = {Jort F. Gemmeke and Daniel P. W. Ellis and Dylan Freedman and Aren Jansen and Wade Lawrence and R. Channing Moore and Manoj Plakal and Marvin Ritter},
  title     = {AudioSet: An Ontology and Human-Labeled Dataset for Audio Events},
  booktitle = {Proceedings of IEEE ICASSP},
  year      = {2017}
}

@inproceedings{Mesaros2016DCASEOverview,
  author    = {Annamaria Mesaros and Toni Heittola and Tuomas Virtanen},
  title     = {TUT Database and Baseline System for DCASE 2016: Acoustic Scene Classification and Sound Event Detection},
  booktitle = {Proceedings of the Detection and Classification of Acoustic Scenes and Events (DCASE) Workshop},
  year      = {2016}
}

@inproceedings{Mesaros2018DCASEOverview,
  author    = {Annamaria Mesaros and Toni Heittola and Emmanuel Vincent and Tuomas Virtanen},
  title     = {A Multi-Device Dataset for Urban Acoustic Scene Classification: DCASE 2018 Challenge},
  booktitle = {Proceedings of the DCASE Workshop},
  year      = {2018}
}

@inproceedings{Engel2017NSynth,
  author    = {Jesse Engel and Cinjon Resnick and Adam Roberts and Sander Dieleman and Mohammad Norouzi and Douglas Eck and Karen Simonyan},
  title     = {Neural Audio Synthesis of Musical Notes with WaveNet Autoencoders},
  booktitle = {Proceedings of ICLR},
  year      = {2017}
}

@inproceedings{McFee2015Librosa,
  author    = {Brian McFee and Colin Raffel and Dawen Liang and Daniel P. W. Ellis and Matt McVicar and Eric Battenberg and Oriol Nieto},
  title     = {librosa: Audio and Music Signal Analysis in Python},
  booktitle = {Proceedings of the 14th Python in Science Conference (SciPy)},
  year      = {2015}
}

@inproceedings{Mauch2014pYIN,
  author    = {Matthias Mauch and Simon Dixon},
  title     = {pYIN: A Fundamental Frequency Estimator Using Probabilistic Threshold Distributions},
  booktitle = {Proceedings of IEEE ICASSP},
  year      = {2014}
}

@inproceedings{Kim2018CREPE,
  author    = {Jin-Woo Kim and Justin Salamon and Peter Li and Juan Pablo Bello},
  title     = {CREPE: A Convolutional Representation for Pitch Estimation},
  booktitle = {Proceedings of IEEE ICASSP},
  year      = {2018}
}

@article{Schroeder1962ArtificialReverb,
  author  = {Manfred R. Schroeder},
  title   = {Natural Sounding Artificial Reverberation},
  journal = {Journal of the Audio Engineering Society},
  year    = {1962},
  volume  = {10},
  number  = {3}
}

@article{Allen1979ImageMethod,
  author  = {J. B. Allen and D. A. Berkley},
  title   = {Image Method for Efficiently Simulating Small-Room Acoustics},
  journal = {The Journal of the Acoustical Society of America},
  year    = {1979},
  volume  = {65},
  number  = {4}
}

@book{OppenheimSchafer2010DTSP,
  author    = {Alan V. Oppenheim and Ronald W. Schafer},
  title     = {Discrete-Time Signal Processing},
  edition   = {3rd},
  publisher = {Prentice Hall},
  year      = {2010}
}

@book{FastlZwicker2007Psychoacoustics,
  author    = {Hugo Fastl and Eberhard Zwicker},
  title     = {Psychoacoustics: Facts and Models},
  edition   = {3rd},
  publisher = {Springer},
  year      = {2007}
}

@inproceedings{Smith2010SpectralAudioSignalProcessing,
  author    = {Julius O. Smith},
  title     = {Spectral Audio Signal Processing},
  booktitle = {Proceedings/Notes (Online Book)},
  year      = {2010}
}
